@Manual{R-ada,
  title = {ada: The R Package Ada for Stochastic Boosting},
  author = {Mark Culp and Kjell Johnson and George Michailidis},
  year = {2016},
  note = {R package version 2.0-5},
  url = {https://CRAN.R-project.org/package=ada},
}
@Manual{R-base,
  title = {R: A Language and Environment for Statistical Computing},
  author = {{R Core Team}},
  organization = {R Foundation for Statistical Computing},
  address = {Vienna, Austria},
  year = {2018},
  url = {https://www.R-project.org/},
}
@Manual{R-bigstatsr,
  title = {bigstatsr: Statistical Tools for Filebacked Big Matrices},
  author = {Florian Privé},
  year = {2018},
  note = {R package version 0.6.2},
  url = {https://CRAN.R-project.org/package=bigstatsr},
}
@Manual{R-bookdown,
  title = {bookdown: Authoring Books and Technical Documents with R Markdown},
  author = {Yihui Xie},
  year = {2018},
  note = {R package version 0.9},
  url = {https://CRAN.R-project.org/package=bookdown},
}
@Manual{R-broom,
  title = {broom: Convert Statistical Analysis Objects into Tidy Tibbles},
  author = {David Robinson and Alex Hayes},
  year = {2019},
  note = {R package version 0.5.2},
  url = {https://CRAN.R-project.org/package=broom},
}
@Manual{R-car,
  title = {car: Companion to Applied Regression},
  author = {John Fox and Sanford Weisberg and Brad Price},
  year = {2018},
  note = {R package version 3.0-2},
  url = {https://CRAN.R-project.org/package=car},
}
@Manual{R-carData,
  title = {carData: Companion to Applied Regression Data Sets},
  author = {John Fox and Sanford Weisberg and Brad Price},
  year = {2018},
  note = {R package version 3.0-2},
  url = {https://CRAN.R-project.org/package=carData},
}
@Manual{R-caret,
  title = {caret: Classification and Regression Training},
  author = {Max Kuhn. Contributions from Jed Wing and Steve Weston and Andre Williams and Chris Keefer and Allan Engelhardt and Tony Cooper and Zachary Mayer and Brenton Kenkel and the R Core Team and Michael Benesty and Reynald Lescarbeau and Andrew Ziem and Luca Scrucca and Yuan Tang and Can Candan and Tyler Hunt.},
  year = {2018},
  note = {R package version 6.0-81},
  url = {https://CRAN.R-project.org/package=caret},
}
@Manual{R-choroplethr,
  title = {choroplethr: Simplify the Creation of Choropleth Maps in R},
  author = {Ari Lamstein},
  year = {2018},
  note = {R package version 3.6.3},
  url = {https://CRAN.R-project.org/package=choroplethr},
}
@Manual{R-choroplethrMaps,
  title = {choroplethrMaps: Contains Maps Used by the 'choroplethr' Package},
  author = {Ari Lamstein},
  year = {2017},
  note = {R package version 1.0.1},
  url = {https://CRAN.R-project.org/package=choroplethrMaps},
}
@Manual{R-data.table,
  title = {data.table: Extension of `data.frame`},
  author = {Matt Dowle and Arun Srinivasan},
  year = {2019},
  note = {R package version 1.12.0},
  url = {https://CRAN.R-project.org/package=data.table},
}
@Manual{R-DataExplorer,
  title = {DataExplorer: Data Explorer},
  author = {Boxuan Cui},
  year = {2018},
  note = {R package version 0.7.0},
  url = {https://CRAN.R-project.org/package=DataExplorer},
}
@Manual{R-devtools,
  title = {devtools: Tools to Make Developing R Packages Easier},
  author = {Hadley Wickham and Jim Hester and Winston Chang},
  year = {2019},
  note = {R package version 2.0.2},
  url = {https://CRAN.R-project.org/package=devtools},
}
@Manual{R-dials,
  title = {dials: Tools for Creating Tuning Parameter Values},
  author = {Max Kuhn},
  year = {2018},
  note = {R package version 0.0.2},
  url = {https://CRAN.R-project.org/package=dials},
}
@Manual{R-dlnm,
  title = {dlnm: Distributed Lag Non-Linear Models},
  author = {Antonio Gasparrini and Ben Armstrong},
  year = {2019},
  note = {R package version 2.3.9},
  url = {https://CRAN.R-project.org/package=dlnm},
}
@Manual{R-dplyr,
  title = {dplyr: A Grammar of Data Manipulation},
  author = {Hadley Wickham and Romain François and Lionel Henry and Kirill Müller},
  year = {2019},
  note = {R package version 0.8.0.1},
  url = {https://CRAN.R-project.org/package=dplyr},
}
@Manual{R-dygraphs,
  title = {dygraphs: Interface to 'Dygraphs' Interactive Time Series Charting Library},
  author = {Dan Vanderkam and JJ Allaire and Jonathan Owen and Daniel Gromer and Benoit Thieurmel},
  year = {2018},
  note = {R package version 1.1.1.6},
  url = {https://CRAN.R-project.org/package=dygraphs},
}
@Manual{R-factoextra,
  title = {factoextra: Extract and Visualize the Results of Multivariate Data Analyses},
  author = {Alboukadel Kassambara and Fabian Mundt},
  year = {2017},
  note = {R package version 1.0.5},
  url = {https://CRAN.R-project.org/package=factoextra},
}
@Manual{R-FactoMineR,
  title = {FactoMineR: Multivariate Exploratory Data Analysis and Data Mining},
  author = {Francois Husson and Julie Josse and Sebastien Le and Jeremy Mazet},
  year = {2018},
  note = {R package version 1.41},
  url = {https://CRAN.R-project.org/package=FactoMineR},
}
@Manual{R-faraway,
  title = {faraway: Functions and Datasets for Books by Julian Faraway},
  author = {Julian Faraway},
  year = {2016},
  note = {R package version 1.0.7},
  url = {https://CRAN.R-project.org/package=faraway},
}
@Manual{R-fivethirtyeight,
  title = {fivethirtyeight: Data and Code Behind the Stories and Interactives at
'FiveThirtyEight'},
  author = {Albert Y. Kim and Chester Ismay and Jennifer Chunn},
  year = {2018},
  note = {R package version 0.4.0},
  url = {https://CRAN.R-project.org/package=fivethirtyeight},
}
@Manual{R-forcats,
  title = {forcats: Tools for Working with Categorical Variables (Factors)},
  author = {Hadley Wickham},
  year = {2018},
  note = {R package version 0.3.0},
  url = {https://CRAN.R-project.org/package=forcats},
}
@Manual{R-gapminder,
  title = {gapminder: Data from Gapminder},
  author = {Jennifer Bryan},
  year = {2017},
  note = {R package version 0.3.0},
  url = {https://CRAN.R-project.org/package=gapminder},
}
@Manual{R-GGally,
  title = {GGally: Extension to 'ggplot2'},
  author = {Barret Schloerke and Jason Crowley and Di Cook and Francois Briatte and Moritz Marbach and Edwin Thoen and Amos Elberg and Joseph Larmarange},
  year = {2018},
  note = {R package version 1.4.0},
  url = {https://CRAN.R-project.org/package=GGally},
}
@Manual{R-ggplot2,
  title = {ggplot2: Create Elegant Data Visualisations Using the Grammar of Graphics},
  author = {Hadley Wickham and Winston Chang and Lionel Henry and Thomas Lin Pedersen and Kohske Takahashi and Claus Wilke and Kara Woo},
  year = {2019},
  note = {R package version 3.1.1},
  url = {https://CRAN.R-project.org/package=ggplot2},
}
@Manual{R-ggplot2movies,
  title = {ggplot2movies: Movies Data},
  author = {Hadley Wickham},
  year = {2015},
  note = {R package version 0.0.1},
  url = {https://CRAN.R-project.org/package=ggplot2movies},
}
@Manual{R-ggraph,
  title = {ggraph: An Implementation of Grammar of Graphics for Graphs and Networks},
  author = {Thomas Lin Pedersen},
  year = {2018},
  note = {R package version 1.0.2},
  url = {https://CRAN.R-project.org/package=ggraph},
}
@Manual{R-ggthemes,
  title = {ggthemes: Extra Themes, Scales and Geoms for 'ggplot2'},
  author = {Jeffrey B. Arnold},
  year = {2018},
  note = {R package version 4.0.1},
  url = {https://CRAN.R-project.org/package=ggthemes},
}
@Manual{R-GISTools,
  title = {GISTools: Some further GIS capabilities for R},
  author = {Chris Brunsdon and Hongyan Chen},
  year = {2014},
  note = {R package version 0.7-4},
  url = {https://CRAN.R-project.org/package=GISTools},
}
@Manual{R-googleway,
  title = {googleway: Accesses Google Maps APIs to Retrieve Data and Plot Maps},
  author = {David Cooley},
  year = {2018},
  note = {R package version 2.7.1},
  url = {https://CRAN.R-project.org/package=googleway},
}
@Manual{R-gridExtra,
  title = {gridExtra: Miscellaneous Functions for "Grid" Graphics},
  author = {Baptiste Auguie},
  year = {2017},
  note = {R package version 2.3},
  url = {https://CRAN.R-project.org/package=gridExtra},
}
@Manual{R-gt,
  title = {gt: Easily Create Presentation-Ready Display Tables},
  author = {Richard Iannone and Joe Cheng and Barret Schloerke},
  year = {2019},
  note = {R package version 0.1.0},
  url = {https://github.com/rstudio/gt},
}
@Manual{R-HRAnalytics,
  title = {HRAnalytics: Helper functions for HR Analytics Course},
  author = {Steph Locke},
  year = {2019},
  note = {R package version 0.0.0.9000},
}
@Manual{R-httr,
  title = {httr: Tools for Working with URLs and HTTP},
  author = {Hadley Wickham},
  year = {2018},
  note = {R package version 1.4.0},
  url = {https://CRAN.R-project.org/package=httr},
}
@Manual{R-ibmsunburst,
  title = {ibmsunburst: Generate Personality Insights Sunburst Diagrams},
  author = {Steph Locke and Kent Russell},
  year = {2019},
  note = {R package version 0.1.1},
  url = {https://CRAN.R-project.org/package=ibmsunburst},
}
@Manual{R-igraph,
  title = {igraph: Network Analysis and Visualization},
  author = {See AUTHORS file.},
  year = {2018},
  note = {R package version 1.2.2},
  url = {https://CRAN.R-project.org/package=igraph},
}
@Manual{R-infer,
  title = {infer: Tidy Statistical Inference},
  author = {Andrew Bray and Chester Ismay and Ben Baumer and Mine Cetinkaya-Rundel},
  year = {2019},
  note = {R package version 0.4.0.1},
  url = {https://CRAN.R-project.org/package=infer},
}
@Manual{R-ISLR,
  title = {ISLR: Data for an Introduction to Statistical Learning with
Applications in R},
  author = {Gareth James and Daniela Witten and Trevor Hastie and Rob Tibshirani},
  year = {2017},
  note = {R package version 1.2},
  url = {https://CRAN.R-project.org/package=ISLR},
}
@Manual{R-janeaustenr,
  title = {janeaustenr: Jane Austen's Complete Novels},
  author = {Julia Silge},
  year = {2017},
  note = {R package version 0.1.5},
  url = {https://CRAN.R-project.org/package=janeaustenr},
}
@Manual{R-janitor,
  title = {janitor: Simple Tools for Examining and Cleaning Dirty Data},
  author = {Sam Firke},
  year = {2019},
  note = {R package version 1.2.0},
  url = {https://CRAN.R-project.org/package=janitor},
}
@Manual{R-kableExtra,
  title = {kableExtra: Construct Complex Table with 'kable' and Pipe Syntax},
  author = {Hao Zhu},
  year = {2019},
  note = {R package version 1.0.1},
  url = {https://CRAN.R-project.org/package=kableExtra},
}
@Manual{R-kernlab,
  title = {kernlab: Kernel-Based Machine Learning Lab},
  author = {Alexandros Karatzoglou and Alex Smola and Kurt Hornik},
  year = {2018},
  note = {R package version 0.9-27},
  url = {https://CRAN.R-project.org/package=kernlab},
}
@Manual{R-knitr,
  title = {knitr: A General-Purpose Package for Dynamic Report Generation in R},
  author = {Yihui Xie},
  year = {2019},
  note = {R package version 1.22},
  url = {https://CRAN.R-project.org/package=knitr},
}
@Manual{R-lattice,
  title = {lattice: Trellis Graphics for R},
  author = {Deepayan Sarkar},
  year = {2018},
  note = {R package version 0.20-38},
  url = {https://CRAN.R-project.org/package=lattice},
}
@Manual{R-leaflet,
  title = {leaflet: Create Interactive Web Maps with the JavaScript 'Leaflet'
Library},
  author = {Joe Cheng and Bhaskar Karambelkar and Yihui Xie},
  year = {2018},
  note = {R package version 2.0.2},
  url = {https://CRAN.R-project.org/package=leaflet},
}
@Manual{R-lubridate,
  title = {lubridate: Make Dealing with Dates a Little Easier},
  author = {Vitalie Spinu and Garrett Grolemund and Hadley Wickham},
  year = {2018},
  note = {R package version 1.7.4},
  url = {https://CRAN.R-project.org/package=lubridate},
}
@Manual{R-magrittr,
  title = {magrittr: A Forward-Pipe Operator for R},
  author = {Stefan Milton Bache and Hadley Wickham},
  year = {2014},
  note = {R package version 1.5},
  url = {https://CRAN.R-project.org/package=magrittr},
}
@Manual{R-MASS,
  title = {MASS: Support Functions and Datasets for Venables and Ripley's MASS},
  author = {Brian Ripley},
  year = {2018},
  note = {R package version 7.3-51.1},
  url = {https://CRAN.R-project.org/package=MASS},
}
@Manual{R-memoise,
  title = {memoise: Memoisation of Functions},
  author = {Hadley Wickham and Jim Hester and Kirill Müller and Daniel Cook},
  year = {2017},
  note = {R package version 1.1.0},
  url = {https://CRAN.R-project.org/package=memoise},
}
@Manual{R-microbenchmark,
  title = {microbenchmark: Accurate Timing Functions},
  author = {Olaf Mersmann},
  year = {2018},
  note = {R package version 1.4-6},
  url = {https://CRAN.R-project.org/package=microbenchmark},
}
@Manual{R-modelr,
  title = {modelr: Modelling Functions that Work with the Pipe},
  author = {Hadley Wickham},
  year = {2019},
  note = {R package version 0.1.3},
  url = {https://CRAN.R-project.org/package=modelr},
}
@Manual{R-moderndive,
  title = {moderndive: Tidyverse-Friendly Introductory Linear Regression},
  author = {Chester Ismay},
  year = {2019},
  note = {R package version 0.2.0.9000},
  url = {https://github.com/ModernDive/moderndive_package},
}
@Manual{R-mvtnorm,
  title = {mvtnorm: Multivariate Normal and t Distributions},
  author = {Alan Genz and Frank Bretz and Tetsuhisa Miwa and Xuefei Mi and Torsten Hothorn},
  year = {2018},
  note = {R package version 1.0-8},
  url = {https://CRAN.R-project.org/package=mvtnorm},
}
@Manual{R-nnet,
  title = {nnet: Feed-Forward Neural Networks and Multinomial Log-Linear Models},
  author = {Brian Ripley},
  year = {2016},
  note = {R package version 7.3-12},
  url = {https://CRAN.R-project.org/package=nnet},
}
@Manual{R-nycflights13,
  title = {nycflights13: Flights that Departed NYC in 2013},
  author = {Hadley Wickham},
  year = {2018},
  note = {R package version 1.0.0},
  url = {https://CRAN.R-project.org/package=nycflights13},
}
@Manual{R-pander,
  title = {pander: An R 'Pandoc' Writer},
  author = {Gergely Daróczi and Roman Tsegelskyi},
  year = {2018},
  note = {R package version 0.6.3},
  url = {https://CRAN.R-project.org/package=pander},
}
@Manual{R-parsnip,
  title = {parsnip: A Common API to Modeling and Analysis Functions},
  author = {Max Kuhn and Davis Vaughan},
  year = {2018},
  note = {R package version 0.0.1},
  url = {https://CRAN.R-project.org/package=parsnip},
}
@Manual{R-patchwork,
  title = {patchwork: The Composer of ggplots},
  author = {Thomas Lin Pedersen},
  year = {2017},
  note = {R package version 0.0.1},
  url = {https://github.com/thomasp85/patchwork},
}
@Manual{R-pdftools,
  title = {pdftools: Text Extraction, Rendering and Converting of PDF Documents},
  author = {Jeroen Ooms},
  year = {2019},
  note = {R package version 2.1},
  url = {https://CRAN.R-project.org/package=pdftools},
}
@Manual{R-plotly,
  title = {plotly: Create Interactive Web Graphics via 'plotly.js'},
  author = {Carson Sievert and Chris Parmer and Toby Hocking and Scott Chamberlain and Karthik Ram and Marianne Corvellec and Pedro Despouy},
  year = {2018},
  note = {R package version 4.8.0},
  url = {https://CRAN.R-project.org/package=plotly},
}
@Manual{R-plyr,
  title = {plyr: Tools for Splitting, Applying and Combining Data},
  author = {Hadley Wickham},
  year = {2016},
  note = {R package version 1.8.4},
  url = {https://CRAN.R-project.org/package=plyr},
}
@Manual{R-pROC,
  title = {pROC: Display and Analyze ROC Curves},
  author = {Xavier Robin and Natacha Turck and Alexandre Hainard and Natalia Tiberti and Frédérique Lisacek and Jean-Charles Sanchez and Markus Müller},
  year = {2018},
  note = {R package version 1.13.0},
  url = {https://CRAN.R-project.org/package=pROC},
}
@Manual{R-profvis,
  title = {profvis: Interactive Visualizations for Profiling R Code},
  author = {Winston Chang and Javier Luraschi},
  year = {2018},
  note = {R package version 0.3.5},
  url = {https://CRAN.R-project.org/package=profvis},
}
@Manual{R-purrr,
  title = {purrr: Functional Programming Tools},
  author = {Lionel Henry and Hadley Wickham},
  year = {2019},
  note = {R package version 0.3.2},
  url = {https://CRAN.R-project.org/package=purrr},
}
@Manual{R-qcc,
  title = {qcc: Quality Control Charts},
  author = {Luca Scrucca},
  year = {2017},
  note = {R package version 2.7},
  url = {https://CRAN.R-project.org/package=qcc},
}
@Manual{R-randNames,
  title = {randNames: Package Provides Access to Fake User Data},
  author = {Karthik Ram},
  year = {2016},
  note = {R package version 0.2.3},
  url = {https://CRAN.R-project.org/package=randNames},
}
@Manual{R-randomForest,
  title = {randomForest: Breiman and Cutler's Random Forests for Classification and
Regression},
  author = {Leo Breiman and Adele Cutler and Andy Liaw and Matthew Wiener},
  year = {2018},
  note = {R package version 4.6-14},
  url = {https://CRAN.R-project.org/package=randomForest},
}
@Manual{R-rappdirs,
  title = {rappdirs: Application Directories: Determine Where to Save Data, Caches,
and Logs},
  author = {Sridhar Ratnakumar and Trent Mick and Trevor Davis},
  year = {2016},
  note = {R package version 0.3.1},
  url = {https://CRAN.R-project.org/package=rappdirs},
}
@Manual{R-raster,
  title = {raster: Geographic Data Analysis and Modeling},
  author = {Robert J. Hijmans},
  year = {2019},
  note = {R package version 2.8-19},
  url = {https://CRAN.R-project.org/package=raster},
}
@Manual{R-rattle,
  title = {rattle: Graphical User Interface for Data Science in R},
  author = {Graham Williams},
  year = {2018},
  note = {R package version 5.2.0},
  url = {https://CRAN.R-project.org/package=rattle},
}
@Manual{R-RcmdrMisc,
  title = {RcmdrMisc: R Commander Miscellaneous Functions},
  author = {John Fox},
  year = {2018},
  note = {R package version 2.5-1},
  url = {https://CRAN.R-project.org/package=RcmdrMisc},
}
@Manual{R-RColorBrewer,
  title = {RColorBrewer: ColorBrewer Palettes},
  author = {Erich Neuwirth},
  year = {2014},
  note = {R package version 1.1-2},
  url = {https://CRAN.R-project.org/package=RColorBrewer},
}
@Manual{R-readr,
  title = {readr: Read Rectangular Text Data},
  author = {Hadley Wickham and Jim Hester and Romain Francois},
  year = {2018},
  note = {R package version 1.3.1},
  url = {https://CRAN.R-project.org/package=readr},
}
@Manual{R-recipes,
  title = {recipes: Preprocessing Tools to Create Design Matrices},
  author = {Max Kuhn and Hadley Wickham},
  year = {2018},
  note = {R package version 0.1.4},
  url = {https://CRAN.R-project.org/package=recipes},
}
@Manual{R-rmarkdown,
  title = {rmarkdown: Dynamic Documents for R},
  author = {JJ Allaire and Yihui Xie and Jonathan McPherson and Javier Luraschi and Kevin Ushey and Aron Atkins and Hadley Wickham and Joe Cheng and Winston Chang and Richard Iannone},
  year = {2018},
  note = {R package version 1.11},
  url = {https://CRAN.R-project.org/package=rmarkdown},
}
@Manual{R-rpart,
  title = {rpart: Recursive Partitioning and Regression Trees},
  author = {Terry Therneau and Beth Atkinson},
  year = {2018},
  note = {R package version 4.1-13},
  url = {https://CRAN.R-project.org/package=rpart},
}
@Manual{R-rpart.plot,
  title = {rpart.plot: Plot 'rpart' Models: An Enhanced Version of 'plot.rpart'},
  author = {Stephen Milborrow},
  year = {2018},
  note = {R package version 3.0.6},
  url = {https://CRAN.R-project.org/package=rpart.plot},
}
@Manual{R-rsample,
  title = {rsample: General Resampling Infrastructure},
  author = {Max Kuhn and Hadley Wickham},
  year = {2019},
  note = {R package version 0.0.4},
  url = {https://CRAN.R-project.org/package=rsample},
}
@Manual{R-sandwich,
  title = {sandwich: Robust Covariance Matrix Estimators},
  author = {Achim Zeileis and Thomas Lumley},
  year = {2018},
  note = {R package version 2.5-0},
  url = {https://CRAN.R-project.org/package=sandwich},
}
@Manual{R-scales,
  title = {scales: Scale Functions for Visualization},
  author = {Hadley Wickham},
  year = {2018},
  note = {R package version 1.0.0},
  url = {https://CRAN.R-project.org/package=scales},
}
@Manual{R-scatterplot3d,
  title = {scatterplot3d: 3D Scatter Plot},
  author = {Uwe Ligges and Martin Maechler and Sarah Schnackenberg},
  year = {2018},
  note = {R package version 0.3-41},
  url = {https://CRAN.R-project.org/package=scatterplot3d},
}
@Manual{R-skimr,
  title = {skimr: Compact and Flexible Summaries of Data},
  author = {Amelia McNamara and Eduardo {Arino de la Rubia} and Hao Zhu and Shannon Ellis and Michael Quinn},
  year = {2019},
  note = {R package version 1.0.4},
  url = {https://CRAN.R-project.org/package=skimr},
}
@Manual{R-smoothmest,
  title = {smoothmest: Smoothed M-estimators for 1-dimensional location},
  author = {Christian Hennig},
  year = {2012},
  note = {R package version 0.1-2},
  url = {https://CRAN.R-project.org/package=smoothmest},
}
@Manual{R-sp,
  title = {sp: Classes and Methods for Spatial Data},
  author = {Edzer Pebesma and Roger Bivand},
  year = {2018},
  note = {R package version 1.3-1},
  url = {https://CRAN.R-project.org/package=sp},
}
@Manual{R-stringi,
  title = {stringi: Character String Processing Facilities},
  author = {Marek Gagolewski and Bartek Tartanus and and other contributors; IBM and {Unicode} and {Inc.} and other contributors; Unicode and {Inc.}},
  year = {2019},
  note = {R package version 1.4.3},
  url = {https://CRAN.R-project.org/package=stringi},
}
@Manual{R-stringr,
  title = {stringr: Simple, Consistent Wrappers for Common String Operations},
  author = {Hadley Wickham},
  year = {2019},
  note = {R package version 1.4.0},
  url = {https://CRAN.R-project.org/package=stringr},
}
@Manual{R-testthat,
  title = {testthat: Unit Testing for R},
  author = {Hadley Wickham},
  year = {2018},
  note = {R package version 2.0.1},
  url = {https://CRAN.R-project.org/package=testthat},
}
@Manual{R-tibble,
  title = {tibble: Simple Data Frames},
  author = {Kirill Müller and Hadley Wickham},
  year = {2019},
  note = {R package version 2.1.1},
  url = {https://CRAN.R-project.org/package=tibble},
}
@Manual{R-tidygraph,
  title = {tidygraph: A Tidy API for Graph Manipulation},
  author = {Thomas Lin Pedersen},
  year = {2018},
  note = {R package version 1.1.1},
  url = {https://CRAN.R-project.org/package=tidygraph},
}
@Manual{R-tidymodels,
  title = {tidymodels: Easily Install and Load the 'Tidymodels' Packages},
  author = {Kuhn Max and Hadley Wickham},
  year = {2018},
  note = {R package version 0.0.2},
  url = {https://CRAN.R-project.org/package=tidymodels},
}
@Manual{R-tidyr,
  title = {tidyr: Easily Tidy Data with 'spread()' and 'gather()' Functions},
  author = {Hadley Wickham and Lionel Henry},
  year = {2019},
  note = {R package version 0.8.3},
  url = {https://CRAN.R-project.org/package=tidyr},
}
@Manual{R-tidyverse,
  title = {tidyverse: Easily Install and Load the 'Tidyverse'},
  author = {Hadley Wickham},
  year = {2017},
  note = {R package version 1.2.1},
  url = {https://CRAN.R-project.org/package=tidyverse},
}
@Manual{R-tigris,
  title = {tigris: Load Census TIGER/Line Shapefiles},
  author = {Kyle Walker},
  year = {2018},
  note = {R package version 0.7},
  url = {https://CRAN.R-project.org/package=tigris},
}
@Manual{R-titanic,
  title = {titanic: Titanic Passenger Survival Data Set},
  author = {Paul Hendricks},
  year = {2015},
  note = {R package version 0.1.0},
  url = {https://CRAN.R-project.org/package=titanic},
}
@Manual{R-usethis,
  title = {usethis: Automate Package and Project Setup},
  author = {Hadley Wickham and Jennifer Bryan},
  year = {2018},
  note = {R package version 1.4.0},
  url = {https://CRAN.R-project.org/package=usethis},
}
@Manual{R-viridis,
  title = {viridis: Default Color Maps from 'matplotlib'},
  author = {Simon Garnier},
  year = {2018},
  note = {R package version 0.5.1},
  url = {https://CRAN.R-project.org/package=viridis},
}
@Manual{R-visNetwork,
  title = {visNetwork: Network Visualization using 'vis.js' Library},
  author = {{Almende B.V.} and Benoit Thieurmel and Titouan Robert},
  year = {2018},
  note = {R package version 2.0.5},
  url = {https://CRAN.R-project.org/package=visNetwork},
}
@Manual{R-webshot,
  title = {webshot: Take Screenshots of Web Pages},
  author = {Winston Chang},
  year = {2018},
  note = {R package version 0.5.1},
  url = {https://CRAN.R-project.org/package=webshot},
}
@Manual{R-yardstick,
  title = {yardstick: Tidy Characterizations of Model Performance},
  author = {Max Kuhn and Davis Vaughan},
  year = {2018},
  note = {R package version 0.0.2},
  url = {https://CRAN.R-project.org/package=yardstick},
}
